@misc{Pressekonferenz,
    AUTHOR = {StevenKrivit, (Youtube)},
    URL = {https://www.youtube.com/watch?v=6CfHaeQo6oU},
    YEAR = {2011}
}

@misc{AufbauKalt,
    AUTHOR = {Theresa Knott, (CC BY-SA 3.0)},
    URL = {https://commons.wikimedia.org/w/index.php?curid=7510008},
    YEAR = {2009},
    
}

@misc{Spektrum,
    TITLE = {Die kalte Fusion - Wunsch oder Wirklichkeit?},
    AUTHOR = {Janosch Deeg},
    URL = {https://www.spektrum.de/wissen/die-kalte-fusion-wunsch-oder-wirklichkeit/1315962},
    PUBLISHER = {Spektrum.de},
    YEAR = {2014}
}

@book{Naga03,
    TITLE = {Muon catalyzed fusion. In: Introductory Muon Science (pp.69-99)},
    AUTHOR = {K. Nagamine},
    YEAR = {2003},
    PUBLISHER = {Cambridge University Press},
}

@misc{IK4,
    TITLE = {IK4 Experimentalphysik Sommersemester 2020, Übungsblatt 5},
    AUTHOR = {Elke Scheer AND Lukas Kammermeier AND Andreas Bloch},
    YEAR = {2020}
}

@article{myonTheory,
    author={FRANK,F. C.},
    year={1947},
    title={Hypothetical Alternative Energy Sources for the 'Second Meson' Events},
    journal={Nature (London)},
    volume={160},
    number={4068},
    pages={525-527},
    isbn={0028-0836}
}

@article{myonExp,
    author={Hayashi,Chushiro and Nakano,Tadao and Nishida,Minoru and Suekane,Shota and Yamaguchi,Yoshio},
    year={1957},
    title={The Catalysis of Nuclear Fusion Reactions by µ--Mesons},
    journal={Progress of theoretical physics},
    volume={17},
    number={4},
    pages={615-617},
    isbn={0033-068X}
}

@misc{ wiki:ColdFuison,
   author = "Wikipedia",
   title = "Kalte Fusion --- Wikipedia{,} Die freie Enzyklopädie",
   year = "2020",
   url = "https://de.wikipedia.org/w/index.php?title=Kalte_Fusion&oldid=206788187",
   note = "[Online; Stand 12. Januar 2021]"
 }
 
 @misc{FAZ,
    author = "Manfred Lindinger",
    title = "Labortricksereien - bis die Blase platzt",
    url = "https://www.faz.net/aktuell/wissen/physik-mehr/labortricksereien-bis-die-blase-platzt-1665317.html",
    year = "2008",
    note = "FAZ"
 }