@article{Farneback2003,
author = {Gunnar Farneb√§ck},
title = {Two-Frame Motion Estimation Based on Polynomial Expansion},
journal = {Scandinavian Conference on Image Analysis},
pages = {363 -- 370},
year = {2003},
publisher = {Springer Berlin Heidelberg},
address = {Berlin, Heidelberg}
}
